@misc{hunsberger2015spiking,
  title={Spiking Deep Networks with LIF Neurons}, 
  author={Eric Hunsberger and Chris Eliasmith},
  year={2015},
  eprint={1510.08829},
  archivePrefix={arXiv},
  primaryClass={cs.LG}
}